@ARTICLE{Durrant-Whyte,
    author = {Hugh Durrant-Whyte and Tim Bailey},
    title = {Simultaneous Localisation and Mapping (SLAM): Part I The Essential Algorithms},
    journal = {IEEE ROBOTICS AND AUTOMATION MAGAZINE},
    year = {2006}
}

@article{Past_Present_and_Future_of_Simultaneous_Localization_And_Mapping,
  author    = {Cesar Cadena and
               Luca Carlone and
               Henry Carrillo and
               Yasir Latif and
               Davide Scaramuzza and
               Jos{\'{e}} Neira and
               Ian D. Reid and
               John J. Leonard},
  title     = {Simultaneous Localization And Mapping: Present, Future, and the Robust-Perception
               Age},
  journal   = {CoRR},
  volume    = {abs/1606.05830},
  year      = {2016},
  url       = {http://arxiv.org/abs/1606.05830},
  archivePrefix = {arXiv},
  eprint    = {1606.05830},
  timestamp = {Mon, 13 Aug 2018 16:47:35 +0200},
  biburl    = {https://dblp.org/rec/bib/journals/corr/CadenaCCLSN0L16},
  bibsource = {dblp computer science bibliography, https://dblp.org}
}

@article{tutorialGraph,
	Author = {Grisetti, G. and Kuemmerle, R. and Stachniss, C. and Burgard, W.},
	Doi = {10.1109/MITS.2010.939925},
	Journal = {Intelligent Transportation Systems Magazine, IEEE},
	Number = {4},
	Pages = {31--43},
	Title = {A Tutorial on Graph-Based {SLAM}},
	Volume = {2},
	Year = {2010}
}

@Misc{GraphSLAM,
author = {Pieter Abbeel},
title = {Graph{SLAM}},
howpublished = {https://people.eecs.berkeley.edu/~pabbeel/cs287-fa13/slides/GraphSLAM.pdf},
month = {11},
year = {2013},
note = {UC Berkeley EECS}
}

@Misc{16-graph-slam,
author = {Wolfram Burgard},
title = {Graph-Based {SLAM}},
howpublished = {http://ais.informatik.uni-freiburg.de/teaching/ss18/robotics/slides/16-graph-slam.pdf},
month = {07},
year = {2018},
note = {UNI Freiburg}
}

@Misc{16-graph-slam-sparsity,
author = {Cyrill Stachniss},
title = {Graph-Based {SLAM} and Sparsity},
howpublished = {http://www.dis.uniroma1.it/~labrococo/tutorial_icra_2016/icra16_slam_tutorial_stachniss.pdf},
year = {2016},
note = {ICRA 2016 Tutorial on SLAM, universit√§t bonn}
}

@article{Taketomi_visual,
author = {Takafumi Taketomi, Hideaki Uchiyama, Sei Ikeda},
title = {Visual SLAM algorithms: a survey from 2010 to 2016},
Doi = {10.1186/s41074-017-0027-2},
Journal = {IPSJ Transactions on Computer Vision and Applications},
year = {2017}
}

@inproceedings{Semi-Dense_VO,
 author = {Engel, Jakob and Sturm, J\"{u}rgen and Cremers, Daniel},
 title = {Semi-dense Visual Odometry for a Monocular Camera},
 booktitle = {Proceedings of the 2013 IEEE International Conference on Computer Vision},
 series = {ICCV '13},
 year = {2013},
 isbn = {978-1-4799-2840-8},
 pages = {1449--1456},
 numpages = {8},
 url = {http://dx.doi.org/10.1109/ICCV.2013.183},
 doi = {10.1109/ICCV.2013.183},
 acmid = {2587057},
 publisher = {IEEE Computer Society},
 address = {Washington, DC, USA},
 keywords = {SLAM, visual odometry, monocular, dense, stereo}
} 

@inproceedings{Engel14_LSD,
    author = {Jakob Engel and Daniel Cremers},
    title = {LSD-SLAM: Large-scale Direct Monocular SLAM},
    booktitle = {In ECCV},
    year = {2014}
}

@article{Engel2018_DSO,
  title={Direct Sparse Odometry},
  author={Jakob Engel and Vladlen Koltun and Daniel Cremers},
  journal={IEEE Transactions on Pattern Analysis and Machine Intelligence},
  year={2018},
  volume={40},
  pages={611-625}
}

@InProceedings{LDSO,
  author = "X. Gao and R. Wang and N. Demmel and D. Cremers",
  title = "LDSO: Direct Sparse Odometry with Loop Closure",
  booktitle = "iros",
  arXiv = "arXiv:1808.01111",
  year = "2018",
  month = "October",
  keywords = {dso, ldso}
}

@misc{ROS,
    author = "{Open Source Robotics Foundation}",
    title = "Documentation - ROS Wiki",
    url = "http://wiki.ros.org",
    howpublished = "\url{http://wiki.ros.org}",
    note = "[Online]"
  }

@misc{TUM_datasets,
    author = "{Technical University of Munich}",
    title = "Computer Vision Group - Datasets - Monocular Visual Odometry Dataset",
    url = "https://vision.in.tum.de/data/datasets/mono-dataset",
    howpublished = "\url{https://vision.in.tum.de/data/datasets/mono-dataset}",
    note = "[Online]"
  }
  
@misc{BagFromImages,
    author = "{Raul Mur-Artal}",
    title = "BagFromImages",
    url = "https://github.com/raulmur/BagFromImages",
    howpublished = "\url{https://github.com/raulmur/BagFromImages}",
    note = "[Online]"
  }
    
@misc{evo,
    author = "{Michael Grupp}",
    title = "evo",
    url = "https://michaelgrupp.github.io/evo/",
    howpublished = "\url{https://michaelgrupp.github.io/evo/}",
    note = "[Online]"
  }
  
@misc{tum_evo,
    author = "{TUM Computer Vision Group}",
    title = "Matlab evaluation code",
    url = "https://github.com/tum-vision/mono_dataset_code",
    howpublished = "\url{https://github.com/tum-vision/mono_dataset_code}",
    note = "[Online]"
  }